<?xml version="1.0" encoding="UTF-8"?><collection xmlns="http://www.loc.gov/MARC21/slim"><record><leader>00554nam--2200181-i-4500</leader><controlfield tag="001">000022426</controlfield><controlfield tag="002">20161230</controlfield><controlfield tag="005">20161230201034</controlfield><controlfield tag="008">060222s1000------------r-----000-0-eng-d</controlfield><datafield ind1=" " ind2=" " tag="040"><subfield code="a">IFIN-HH</subfield></datafield><datafield ind1=" " ind2=" " tag="080"><subfield code="a">539.183.3</subfield></datafield><datafield ind1="1" ind2=" " tag="100"><subfield code="a">Hochstrasser, Robin M</subfield></datafield><datafield ind1="1" ind2="0" tag="245"><subfield code="a">Behaviour of electron in atoms</subfield><subfield code="b">Structure, spectra, and photochemistry of atoms</subfield><subfield code="c">Robin m. hochastrasser</subfield></datafield><datafield ind1=" " ind2=" " tag="260"><subfield code="a">New York</subfield><subfield code="b">W.A.Benjamin, Inc</subfield><subfield code="c">1964</subfield></datafield><datafield ind1=" " ind2=" " tag="300"><subfield code="a">XII + 162P</subfield></datafield><datafield ind1=" " ind2=" " tag="490"><subfield code="a">The General Chemistry Monograph Series</subfield></datafield><datafield ind1=" " ind2=" " tag="852"><subfield code="a">20864</subfield><subfield code="c">539</subfield></datafield><datafield ind1=" " ind2=" " tag="CAT"><subfield code="a">Sys</subfield><subfield code="c">20110930</subfield><subfield code="h">094340</subfield></datafield></record></collection>